
@DocuShare{LTS-160,
  author = {G. Schumacher},
   title = "{TCS to Hexapods and Rotator Interface Control Document}",
    year = 2018,
   month = aug,
  handle = {LTS-160},
     url = {ls.st/LTS-160},
}

@DocuShare{LTS-218,
  author = {E. Hileman and J. Sebag and D. Neill and O. Wiecha},
   title = "{Telescope Mount Assembly Camera Cable Wrap Requirements}",
    year = 2018,
   month = aug,
  handle = {LTS-218},
     url = {ls.st/LTS-218},
}

